% Encoding: UTF-8
@misc{DGEQR2,
	author = {Univ. of Tennessee, Univ. of California Berkeley and NAG Ltd..},
	title = {{LAPACK unblocked QR}},
	howpublished = "\url{http://www.netlib.org/lapack/explore-3.1.1-html/dgeqr2.f.html}",
	year = {2006}, 
	note = "[Online; zugegriffen 31-01-2018]"
}

@misc{DGEQRF,
	author = {Univ. of Tennessee, Univ. of California Berkeley and NAG Ltd..},
	title = {{LAPACK blocked QR}},
	howpublished = "\url{http://www.netlib.org/lapack/explore-3.1.1-html/dgeqrf.f.html}",
	year = {2006}, 
	note = "[Online; zugegriffen 31-01-2018]"
}

@misc{LARFT,
	author = {Univ. of Tennessee, Univ. of California Berkeley and NAG Ltd..},
	title = {{DLARFT forms the triangular factor T of a real block reflector H of order n, which is defined as a product of k elementary reflectors.}},
	howpublished = "\url{http://www.netlib.org/lapack/explore-3.1.1-html/dgeqrf.f.html#DGEQRF.1}",
	year = {2006}, 
	note = "[Online; zugegriffen 12-06-2018]"
}


@misc{LARFB,
	author = {Univ. of Tennessee, Univ. of California Berkeley and NAG Ltd..},
	title = {{DLARFB applies a real block reflector H or its transpose H' to a real m by n matrix C, from either the left or the right.}},
	howpublished = "\url{http://www.netlib.org/lapack/explore-3.1.1-html/dlarfb.f.html#DLARFB.1}",
	year = {2006}, 
	note = "[Online; zugegriffen 12-06-2018]"
}


@article{Joffrain:2006:AHT:1141885.1141886,
  author = {Joffrain, Thierry and Low, Tze Meng and Quintana-Ort\'{\i}, Enrique S. and Geijn, Robert van de and Zee, Field G. Van},
  title = {Accumulating Householder Transformations, Revisited},
  journal = {ACM Trans. Math. Softw.},
  issue_date = {June 2006},
  volume = {32},
  number = {2},
  month = jun,
  year = {2006},
  issn = {0098-3500},
  pages = {169--179},
  numpages = {11},
  url = {http://doi.acm.org/10.1145/1141885.1141886},
  doi = {10.1145/1141885.1141886},
  acmid = {1141886},
  publisher = {ACM},
  address = {New York, NY, USA},
  keywords = {Householder transformation, Linear algebra, QR factorization, compact WY transform},
}

@misc{num1,
	author = {Stefan A. Funken, Karsten Urban},
	title = {Einführung in die Numerische Lineare Algebra},
	address = {Ulm, Germany},
	year = {2016}, 
}

@misc{HPC1,
	author = {Lehn Michael, Borchert Andreas},
	title = {{Vorlesung High Performance Computing 1}},
	howpublished = "\url{http://www.mathematik.uni-ulm.de/numerik/hpc/ws17/}",
	year = {2017}, 
	note = "[Online; zugegriffen 31-05-2018]"
}

@misc{blast,
	author = {University of Tennessee},
	title = {{BLAS Technical Forum}},
	howpublished = "\url{http://www.netlib.org/blas/blast-forum/}",
	year = {2001}, 
	note = "[Online; zugegriffen 03-06-2018]"
}

@misc{atlas,
	title = {{Automatically Tuned Linear Algebra Software (ATLAS)}},
	howpublished = "\url{http://math-atlas.sourceforge.net/}",
	note = "[Online; zugegriffen 12-06-2018]"
}

@misc{git,
	author = {Florian Krötz},
	title = {{Implementierung}},
	howpublished = "\url{https://github.com/Flousen/Bachelorarbeit}"
}


@misc{mkl,
	author = {Intel},
	title = {{Intel MKL}},
	howpublished = "\url{https://software.intel.com/en-us/mkl}",
	note = "[Online; zugegriffen 16-07-2018]"
}


